@ARTICLE{Kaye,
       author = {{Kaye}, Phillip},
        title = "{Reversible addition circuit using one ancillary bit with application to quantum computing}",
      journal = {arXiv e-prints},
     keywords = {Quantum Physics},
         year = 2004,
        month = aug,
          eid = {quant-ph/0408173},
        pages = {quant-ph/0408173},
archivePrefix = {arXiv},
       eprint = {quant-ph/0408173},
 primaryClass = {quant-ph},
       adsurl = {https://ui.adsabs.harvard.edu/abs/2004quant.ph..8173K},
      adsnote = {Provided by the SAO/NASA Astrophysics Data System}
}

@misc{3SATGrov,
      title={Solving the integer case constraint satisfiability problem using Grover's algorithm}, 
      author={Gayathree M. Vinod and Anil Shaji},
      year={2021},
      eprint={2106.09976},
      archivePrefix={arXiv},
      primaryClass={quant-ph}
}

@book{yanofsky2008quantum,
  title={Quantum computing for computer scientists},
  author={Yanofsky, Noson S and Mannucci, Mirco A},
  year={2008},
  publisher={Cambridge University Press}
}

@mastersthesis{Khan2019,
   author = {Ullah Khan, Sumsam},
   institution = {KTH, School of Electrical Engineering and Computer Science (EECS)},
   pages = {64},
   school = {KTH, School of Electrical Engineering and Computer Science (EECS)},
   title = {Quantum K means Algorithm},
   series = {TRITA-EECS-EX},
   year = {2019}
 }

@article{Intro1,
   title={Polynomial-Time Algorithms for Prime Factorization and Discrete Logarithms on a Quantum Computer},
   volume={26},
   ISSN={1095-7111},
   url={http://dx.doi.org/10.1137/S0097539795293172},
   DOI={10.1137/s0097539795293172},
   number={5},
   journal={SIAM Journal on Computing},
   publisher={Society for Industrial & Applied Mathematics (SIAM)},
   author={Shor, Peter W.},
   year={1997},
   month={Oct},
   pages={1484–1509}
}

@article{MontanaroIntro4,
   title={Quantum algorithms: an overview},
   volume={2},
   ISSN={2056-6387},
   url={http://dx.doi.org/10.1038/npjqi.2015.23},
   DOI={10.1038/npjqi.2015.23},
   number={1},
   journal={npj Quantum Information},
   publisher={Springer Science and Business Media LLC},
   author={Montanaro, Ashley},
   year={2016},
   month={Jan}
}



@article{research1,
   title={{An Introduction to Quantum Machine Learning}},
   volume={56},
   ISSN={1366-5812},
   url={http://dx.doi.org/10.1080/00107514.2014.964942},
   DOI={10.1080/00107514.2014.964942},
   number={2},
   journal={Contemporary Physics},
   publisher={Informa UK Limited},
   author={Schuld, Maria and Sinayskiy, Ilya and Petruccione, Francesco},
   year={2014},
   month={Oct},
   pages={172–185}
}

@article{research2,
   title={A Computer Science-Oriented Approach to Introduce Quantum Computing to a New Audience},
   ISSN={1557-9638},
   url={http://dx.doi.org/10.1109/TE.2021.3078552},
   DOI={10.1109/te.2021.3078552},
   journal={IEEE Transactions on Education},
   publisher={Institute of Electrical and Electronics Engineers (IEEE)},
   author={Salehi, Ozlem and Seskir, Zeki and Tepe, Ilknur},
   year={2021},
   pages={1–8}
}

@article{deng2012mnist, 
  title={The mnist database of handwritten digit images for machine learning research}, 
  author={Deng, Li}, 
  journal={IEEE Signal Processing Magazine}, 
  volume={29}, 
  number={6}, 
  pages={141--142}, 
  year={2012}, 
  publisher={IEEE} 
}

@misc{IrisDataset ,
author = "M. Lichman",
year = "2013",
title = "{UCI} Machine Learning Repository",
url = "http://archive.ics.uci.edu/ml",
institution = "University of California, Irvine, School of Information and Computer Sciences" }

@inproceedings{torchvision, 
    author = {Marcel, S\'{e}bastien and Rodriguez, Yann}, 
    title = {Torchvision the Machine-Vision Package of Torch}, 
    year = {2010},
    isbn = {9781605589336}, publisher = {Association for Computing Machinery}, address = {New York, NY, USA}, 
    url ={https://doi.org/10.1145/1873951.1874254},
    doi ={10.1145/1873951.1874254}, 
    booktitle = {Proceedings of the 18th ACM International Conference on Multimedia}, pages = {1485–1488}, numpages = {4},
    keywords = {open source, machine learning, vision, face detection and recognition, pattern recognition}, 
    location = {Firenze, Italy}, series = {MM '10} }
    
@inproceedings{paszke2017automatic,
  title={Automatic differentiation in PyTorch},
  author={Paszke, Adam and Gross, Sam and Chintala, Soumith and Chanan, Gregory and Yang, Edward and DeVito, Zachary and Lin, Zeming and Desmaison, Alban and Antiga, Luca and Lerer, Adam},
  booktitle={NIPS-W},
  year={2017}
}
@article{softIntro,
   title={When Machine Learning Meets Quantum Computers},
   ISBN={9781450379991},
   url={https://arxiv.org/pdf/2012.10360.pdf},
   DOI={10.1145/3394885.3431629},
   journal={Proceedings of the 26th Asia and South Pacific Design Automation Conference},
   publisher={ACM},
   author={Jiang, Weiwen and Xiong, Jinjun and Shi, Yiyu},
   year={2021},
   month={Jan}
}

@inproceedings {tensorflow,
author = {Mart{\'\i}n Abadi and Paul Barham and Jianmin Chen and Zhifeng Chen and Andy Davis and Jeffrey Dean and Matthieu Devin and Sanjay Ghemawat and Geoffrey Irving and Michael Isard and Manjunath Kudlur and Josh Levenberg and Rajat Monga and Sherry Moore and Derek G. Murray and Benoit Steiner and Paul Tucker and Vijay Vasudevan and Pete Warden and Martin Wicke and Yuan Yu and Xiaoqiang Zheng},
title = {TensorFlow: A System for Large-Scale Machine Learning},
booktitle = {12th {USENIX} Symposium on Operating Systems Design and Implementation ({OSDI} 16)},
year = {2016},
isbn = {978-1-931971-33-1},
address = {Savannah, GA},
pages = {265--283},
url = {https://www.usenix.org/conference/osdi16/technical-sessions/presentation/abadi},
publisher = {{USENIX} Association},
month = nov,
}

@misc{sharmaQeml,
      title={QEML (Quantum Enhanced Machine Learning): Using Quantum Computing to Enhance ML Classifiers and Feature Spaces}, 
      author={Siddharth Sharma},
      year={2020},
      eprint={2002.10453},
      archivePrefix={arXiv},
      primaryClass={quant-ph}
}

@article{Schuld_2014In5,
   title={An introduction to quantum machine learning},
   volume={56},
   ISSN={1366-5812},
   url={http://dx.doi.org/10.1080/00107514.2014.964942},
   DOI={10.1080/00107514.2014.964942},
   number={2},
   journal={Contemporary Physics},
   publisher={Informa UK Limited},
   author={Schuld, Maria and Sinayskiy, Ilya and Petruccione, Francesco},
   year={2014},
   month={Oct},
   pages={172–185}
}

@article{ADCho,
   title={The biggest flipping challenge in quantum computing},
   url={https://www.sciencemag.org/news/2020/07/biggest-flipping-challenge-quantum-computing},
   journal={Science},
   publisher={American Association for the Advancement of Science},
   author={Adrian Cho},
   year={2020},
   month={July}
}


@article{Baiduo,
   title={These five AI developments will shape 2021 and beyond},
   journal={URl: https://www.technologyreview.com/2021/01/14/1016122/these-five-ai-developments-will-shape-2021-and-beyond/},
   publisher={MIT Technology Review},
   author={Baidu},
   year={2021},
   month={January}
}

@article{QCloudC,
   title={Cloud Quantum Computing \& Top cloud QC vendors in 2021},
   journal={URL: https://research.aimultiple.com/quantum-computing-cloud/},
   publisher={AI Multiply},
   author={Cem Dilmegani},
   year={2021},
   month={December}
}

@misc{EvaB,
      title={Grover search algorithm}, 
      author={Eva Borbely},
      year={2007},
      eprint={0705.4171},
      archivePrefix={arXiv},
      primaryClass={cs.DS}
}

@article{FrankZ,
   title={Towards Understanding Grover’s Search Algorithm},
   journal={URL: https://towardsdatascience.com/towards-understanding-grovers-search-algorithm-2cdc4e885660},
   publisher={Medium},
   author={Frank Zickert},
   year={2021},
   month={March}
}

@article{GroversEx,
   title={Grover's search algorithm},
   journal={URL: https://www.quantiki.org/wiki/grovers-search-algorithm},
   publisher={Quantiki},
   year={2015},
   author= {Quantiki Team},
   month={November}
}
@article{cho_2020, title={The biggest flipping challenge in quantum computing}, DOI={10.1126/science.abd7332}, journal={Science}, author={Cho, Adrian}, year={2020}}
@article{revenueierdguidelines2011,
    title={Revenue Guidelines for Research and Development Tax Credit},
    author={Guidelines, Revenue},
    journal={URL: https://www.revenue.ie/en/companies-and-charities/documents/research-and-development-tax-credit-guidelines-2011.pdf},
    publisher={Revenue Commissioners},
    year={2011}

}

@article{shor_lowB,
   title={Scalability of Shor’s algorithm with a limited set of rotation gates},
   volume={70},
   ISSN={1094-1622},
   url={http://dx.doi.org/10.1103/PhysRevA.70.032329},
   DOI={10.1103/physreva.70.032329},
   number={3},
   journal={Physical Review A},
   publisher={American Physical Society (APS)},
   author={Fowler, Austin G. and Hollenberg, Lloyd C. L.},
   year={2004},
   month={Sep}
}

@article{QAnnealing,
   title={Quantum Annealing in 2021: Practical Quantum Computing},
   journal={URL:https://research.aimultiple.com/quantum-annealing/},
   publisher={AI Multiply},
   author={Cem Dilmegani},
   year={2021},
   month={January}
}

@article{Gebhart_2021,
   title={Quantifying computational advantage of Grover’s algorithm with the trace speed},
   volume={11},
   ISSN={2045-2322},
   url={http://dx.doi.org/10.1038/s41598-020-80153-z},
   DOI={10.1038/s41598-020-80153-z},
   number={1},
   journal={Scientific Reports},
   publisher={Springer Science and Business Media LLC},
   author={Gebhart, Valentin and Pezzè, Luca and Smerzi, Augusto},
   year={2021},
   month={Jan}
}


@ARTICLE{IBMStartYear,
  
AUTHOR={Moran, Christine C.},   
TITLE={Quintuple: A Tool for Introducing Quantum Computing Into the Classroom},      
JOURNAL={Frontiers in Physics},      
VOLUME={6},      
PAGES={69},     
YEAR={2018},      
URL={https://www.frontiersin.org/article/10.3389/fphy.2018.00069},       
DOI={10.3389/fphy.2018.00069},      
ISSN={2296-424X}
}

@misc{nath2021review,
      title={A Review of Machine Learning Classification Using Quantum Annealing for Real-world Applications}, 
      author={Rajdeep Kumar Nath and Himanshu Thapliyal and Travis S. Humble},
      year={2021},
      eprint={2106.02964},
      archivePrefix={arXiv},
      primaryClass={quant-ph}
}

@article{Amaz,
   title={Amazon proposes novel approach to quantum computing error correction},
   journal={URL: https://siliconangle.com/2021/04/12/amazon-proposes-novel-approach-quantum-computing-error-correction-based/},
   publisher={Silicon Angle},
   author={Mike Wheatley},
   year={2021},
   month={April}
}

@article{hepData,
  title={HEp-2 staining pattern recognition at cell and specimen levels: datasets, algorithms and results},
  author={Hobson, Peter and Lovell, Brian C and Percannella, Gennaro and Saggese, Alessia and Vento, Mario and Wiliem, Arnold},
  journal={Pattern Recognition Letters},
  volume={82},
  pages={12--22},
  year={2016},
  publisher={Elsevier}
}
@article{hofmanngerman,
  title={German Credit Dataset http://archive. ics. uci. edu/ml/datasets/Statlog+. OA Mohamed Jafar and R},
  author={Hofmann, R Hans},
  year = {1994},
  journal={Sivakumar R}
}

@misc{irisData,
author = "R.A. Fisher",
year = "1936",
title = "{UCI} Machine Learning Repository: Iris Data Set",
url = "https://archive.ics.uci.edu/ml/datasets/iris",
institution = "University of California, Irvine, School of Information and Computer Sciences" }

@misc{BCWisconsinData,
author = "Dr. William H. Wolberg, W. Nick Street,Olvi L. Mangasarian",
year = "2010",
title = "{UCI} Machine Learning Repository",
url = "https://archive.ics.uci.edu/ml/datasets/iris",
institution = "University of California, Irvine, School of Information and Computer Sciences" }

@article{WILLShh,
title = {Support vector machines on the D-Wave quantum annealer},
journal = {Computer Physics Communications},
volume = {248},
pages = {107006},
year = {2020},
issn = {0010-4655},
doi = {https://doi.org/10.1016/j.cpc.2019.107006},
url = {https://www.sciencedirect.com/science/article/pii/S001046551930342X},
author = {D. Willsch and M. Willsch and H. {De Raedt} and K. Michielsen}
}

@article{MarkSwee,
author = {Sawerwain, Marek and Wróblewski, Marek},
year = {2019},
month = {03},
pages = {139-150},
title = {Recommendation systems with the quantum k-NN and Grover algorithms for data processing},
volume = {29},
journal = {International Journal of Applied Mathematics and Computer Science},
doi = {10.2478/amcs-2019-0011}
}

@inproceedings{Intro2, 
    author = {Grover, Lov K.}, 
    title = {A Fast Quantum Mechanical Algorithm for Database Search}, 
    year = {1996}, 
    isbn = {0897917855}, 
    publisher = {Association for Computing Machinery}, 
    address = {New York, NY, USA}, 
    url = {https://doi.org/10.1145/237814.237866}, doi = {10.1145/237814.237866}, 
    booktitle = {Proceedings of the Twenty-Eighth Annual ACM Symposium on Theory of Computing}, pages = {212–219}, 
    numpages = {8}, 
    location = {Philadelphia, Pennsylvania, USA}, series = {STOC '96} }

@misc{ wikiVec,
   author = "{Yisroel Meir Blumstein, Kalle Vedin, Tom Reding, Sammi Brie, Dr James V Stone, Peter Ells.}",
   title = "Qubit",
   year = "2004",
   url = "https://en.wikipedia.org/wiki/Qubit",
   note = "[Online; accessed 26-April-2021]"
 }
 @misc{ wikiHamilton,
   author = "{El C, ReyHahn, Le Deluge, }",
   title = "Hamiltonian (quantum mechanics",
   year = "2019",
   url = "https://en.wikipedia.org/wiki/Hamiltonian_(quantum_mechanics)",
   note = "[Online; accessed 30-August-2021]"
 }
 
 
@misc{PersonalQiskit,
  author        = "Kevin Krsulich",
  howpublished  = "private communication: Qiskit Github",
  year          = "2021",
  month         = "March."
}
 
 @article{QEnviron,
author = {Suter, Dieter and Alvarez, Gonzalo},
year = {2016},
month = {10},
pages = {041001},
title = {Colloquium: Protecting quantum information against environmental noise},
volume = {88},
journal = {Review of Modern Physics},
doi = {10.1103/RevModPhys.88.041001},
url = "https://www.famaf.unc.edu.ar/~galvarez/2016-RMP-Suter_Alvarez-Protecting_QI.pdf"
}
 
 @article{LaRos2019,
   title={Overview and Comparison of Gate Level Quantum Software Platforms},
   volume={3},
   ISSN={2521-327X},
   url={http://dx.doi.org/10.22331/q-2019-03-25-130},
   DOI={10.22331/q-2019-03-25-130},
   journal={Quantum},
   publisher={Verein zur Forderung des Open Access Publizierens in den Quantenwissenschaften},
   author={LaRose, Ryan},
   year={2019},
   month={Mar},
   pages={130}
}

@misc{wikiERI,
   author = "Wikipedia",
   title = "{Quantum error correction} --- {W}ikipedia{,} The Free Encyclopedia",
   year = "2021",
   howpublished = {\url{http://en.wikipedia.org/w/index.php?title=Quantum\%20error\%20correction&oldid=1022510317}},
   note = "[Online; accessed 20-May-2021]"
 }


@misc{he2003,
      title={Technical Manua}, 
      author={hÉigeartaigh , Colm  Ó},
      year={2003},
      url={https://hego.redbrick.dcu.ie/technicalmanual/},
}
@misc{wiebe2014quantum,
      title={Quantum Algorithms for Nearest-Neighbor Methods for Supervised and Unsupervised Learning}, 
      author={Nathan Wiebe and Ashish Kapoor and Krysta Svore},
      year={2014},
      eprint={1401.2142},
      archivePrefix={arXiv},
      primaryClass={quant-ph}
}

@article{Back7, 
    author = {Arunachalam, Srinivasan and de Wolf, Ronald}, 
    title = {Guest Column: A Survey of Quantum Learning Theory}, 
    year = {2017}, 
    issue_date = {June 2017}, publisher = {Association for Computing Machinery}, 
    address = {New York, NY, USA}, 
    volume = {48}, 
    number = {2}, issn = {0163-5700}, url = {https://doi.org/10.1145/3106700.3106710}, doi = {10.1145/3106700.3106710},
    journal = {SIGACT News}, 
    month = jun, 
    pages = {41–67},
    numpages = {27} }


@misc{mcrae2020,
      title={Quantum-Enhanced Machine Learning for Covid-19 and Anderson Insulator Predictions}, 
      author={Paul-Aymeric McRae and Michael Hilke},
      year={2020},
      eprint={2012.03472},
      archivePrefix={arXiv},
      primaryClass={quant-ph}
}

@article{Cortese,
  title={Loading Classical Data into a Quantum Computer},
  author={John A. Cortese and T. Braje},
  journal={arXiv: Quantum Physics},
  year={2018}
}

@article{rodneyD,
  title={Qa2. Explaining Variational Quantum Classifiers},
  author={Rodney David},
  url={https://medium.com/swlh/qa2-explaining-variational-quantum-classifiers-b584c3bd7849},
  journal={Medium},
  year={2021}
}


@article{mariaS,
  title={Using quantum machine learning to analyze data in infinite-dimensional spaces},
  author={Maria Schuld},
  url={https://medium.com/xanaduai/analyzing-data-in-infinite-dimensional-spaces-4887717be3d2},
  journal={Medium},
  year={2018}
}


@article{slimaneT,
  title={Decomposing step by step a Quantum Machine Learning algorithm.},
  author={Slimane Thabet},
  url={https://towardsdatascience.com/decomposing-step-by-step-a-quantum-machine-learning-algorithm-8adfa66aed7e},
  journal={Towards Data Science},
  year={2020}
}

@article{kNNToward,
  title={Machine Learning Basics with the K-Nearest Neighbors Algorithm},
  author={Onel Harrison},
  url={https://towardsdatascience.com/machine-learning-basics-with-the-k-nearest-neighbors-algorithm-6a6e71d01761},
  journal={Towards Data Science},
  year={2018}
}

@article{Leymann,
   title={The bitter truth about gate-based quantum algorithms in the NISQ era},
   volume={5},
   ISSN={2058-9565},
   url={http://dx.doi.org/10.1088/2058-9565/abae7d},
   DOI={10.1088/2058-9565/abae7d},
   number={4},
   journal={Quantum Science and Technology},
   publisher={IOP Publishing},
   author={Leymann, Frank and Barzen, Johanna},
   year={2020},
   month={Sep},
   pages={044007}
}

@inproceedings{DataEn,
      author    = "M. Weigold and J. Barzen and F. Leymann and M. Salm.",
      title     = "Data Encoding Patterns for Quantum Algorithms.",
      booktitle = "The Hillside Group (Hrsg): Proceedings of the 27th Conference on Pattern Languages of Programs (PLoP '20)",
      series    = "(PLoP '20)",
      year      = 2021
    }
    
@article{LaRoseC,
   title={Robust data encodings for quantum classifiers},
   volume={102},
   ISSN={2469-9934},
   url={http://dx.doi.org/10.1103/PhysRevA.102.032420},
   DOI={10.1103/physreva.102.032420},
   number={3},
   journal={Physical Review A},
   publisher={American Physical Society (APS)},
   author={LaRose, Ryan and Coyle, Brian},
   year={2020},
   month={Sep}
}

 @misc{theJBC,
    title={Single Qubit Gates}, url={https://qiskit.org/textbook/ch-states/single-qubit-gates.html}, 
    journal={Qiskit}, 
    publisher={IBM Quantum Lab }, 
    year ={2021},
    author={The Jupyter Book Community}
    
} 

 @misc{QiskitFMap,
    title={Feature Maps}, url={https://qiskit.org/documentation/apidoc/qiskit.aqua.components.feature_maps.html}, 
    journal={Qiskit}, 
    publisher={IBM Quantum Lab }, 
    year ={2021},
    month = {"Aug"},
    author={Qiskit Development Team}
    
} 

 @misc{QiskitShots,
    title={Introduction to Quantum Error Correction using Repetition Codes}, url={https://qiskit.org/textbook/ch-quantum-hardware/error-correction-repetition-code.html}, 
    journal={Qiskit}, 
    year = {2021},
    publisher={IBM Quantum Lab }, 
    author={Qiskit Development Team}
    
} 

 @misc{3SATData,
    title={SAT Competition 2009: Benchmark Submission Guidelines}, url={http://www.satcompetition.org/2009/format-benchmarks2009.html}, 
    journal={satcompetition}, 
    publisher={SAT 2009 - Twelfth International Conference on 
Theory and Applications of Satisfiability Testing}, 
    year = {2009},
    month = {"Jan"},
    author={SAT09 Conference}
    
} 

 @misc{QiskitqGAN,
    title={qGANs for Loading Random Distributions}, url={https://qiskit.org/documentation/machine-learning/tutorials/04_qgans_for_loading_random_distributions.html}, 
    journal={Qiskit}, 
    publisher={IBM Quantum Lab}, 
    year ={2021},
    author={Qiskit Development Team}
    
} 

@Misc{QML,
    author = {Jafarizadeh, Mohammad and Yahyavi, Marziyeh and Heshmati, Ahmad and Karimi, Naser},
    title = {QUANTUM MACHINE LEARNING ALGORITHMS},
    howpublished = {\textsc{url:}~\url{http://physics.sharif.edu/~qc/files/slides-2.pdf}},
    year = {2020},
    month = {June}
}

@ARTICLE{QKNAll,
       author = {{Basheer}, Afrad and {Afham}, A. and {Goyal}, Sandeep K.},
        title = "{Quantum $k$-nearest neighbors algorithm}",
      journal = {arXiv e-prints},
     keywords = {Quantum Physics},
         year = 2020,
        month = mar,
          eid = {arXiv:2003.09187},
        pages = {arXiv:2003.09187},
archivePrefix = {arXiv},
       eprint = {2003.09187},
 primaryClass = {quant-ph},
       adsurl = {https://ui.adsabs.harvard.edu/abs/2020arXiv200309187B},
      adsnote = {Provided by the SAO/NASA Astrophysics Data System}
}

@article{svm,
  title={Introduction into Quantum Support Vector Machines},
  author={Patrick Huembeli},
  url={https://medium.com/@patrick.huembeli/introduction-into-quantum-support-vector-machines-727f3ccfa2b4},
  journal={Medium},
  year={2019}
}

@misc{qmlCovid,
      title={Quantum-Enhanced Machine Learning for Covid-19 and Anderson Insulator Predictions}, 
      author={Paul-Aymeric McRae and Michael Hilke},
      year={2020},
      eprint={2012.03472},
      archivePrefix={arXiv},
      primaryClass={quant-ph}
}

@misc{C18,
      title={An idiot’s guide to support vector machines (SVMs).}, 
      author={PBerwick R.},
      year={2003},
}

@misc{Afham2020,
      title={Quantum $k$-nearest neighbors algorithm}, 
      author={Afrad Basheer and A. Afham and Sandeep K. Goyal},
      year={2021},
      eprint={2003.09187},
      archivePrefix={arXiv},
      primaryClass={quant-ph}
}

@inproceedings{C20, 
    author = {Boser, Bernhard E. and Guyon, Isabelle M. and Vapnik, Vladimir N.}, 
    title = {A Training Algorithm for Optimal Margin Classifiers}, 
    year = {1992}, 
    isbn = {089791497X}, 
    publisher = {Association for Computing Machinery}, 
    address = {New York, NY, USA}, 
    url = {https://doi.org/10.1145/130385.130401}, doi = {10.1145/130385.130401}, 
    booktitle = {Proceedings of the Fifth Annual Workshop on Computational Learning Theory}, pages = {144–152}, numpages = {9}, 
    location = {Pittsburgh, Pennsylvania, USA}, series = {COLT '92} }
    
 @misc{QML_Tutorial, 
    title={Machine learning tutorials}, url={https://qiskit.org/documentation/machine-learning/tutorials/index.html#machine-learning-tutorials},
    journal={Machine Learning Tutorials - Qiskit Machine Learning 0.2.0 documentation}, 
    author={{Development Team, Qiskit Machine Learning}},
    year={2021}} 

    @misc{GroverCompared,
    author = {Tomašić, Tin},
    year = {2020},
    month = {07},
    pages = {},
    title = {The Efficiency of the Quantum Search | How effective is Grover’s algorithm (quantum search) opposed to classical computer searching algorithms in terms of time complexity?},
    doi = {10.13140/RG.2.2.18744.57604}
    }
 @misc{qiskit_videos_code, 
    title={Qiskit algorithms - coding WITH Qiskit season 2}, url={https://www.youtube.com/playlist?list=PLOFEBzvs-VvrhKYASly1BXo1AdPyoCsor}, journal={YouTube}, 
    publisher={YouTube}, 
    year = {2020},
    author={{Qiskit, IBM Quantum Experience}}}
    
 @misc{qiskit_videos_background, 
    title={Introduction to quantum computing and quantum hardware}, url={https://www.youtube.com/playlist?list=PLOFEBzvs-VvrXTMy5Y2IqmSaUjfnhvBHR}, journal={YouTube},
    publisher={YouTube}, 
    year = {2020},
    author={{Qiskit, IBM Quantum Experience}}}

@article{C19,
  title={Supervised learning with quantum-enhanced feature spaces. Nature 567, 209–212 (2019)},
  author={Havlíček V., Córcoles A.D., Temme K, Harrow A.W, Kandala A, Chow J.M., Gambetta J.M. },
  doi={https://doi.org/10.1038/s41586-019-0980-2},
  journal={Nature},
  year={2019}
}

@article{ERNIStar,
  title={Shots and Circuit Repetitions: Developing the Expectation Value for Results from a Quantum Computer},
  author={Jack Krupansky },
  url={https://doi.org/10.1038/s41586-019-0980-2},
  journal={Medium},
  year={2020}
}

@article{Devitt_2013,
   title={Quantum error correction for beginners},
   volume={76},
   ISSN={1361-6633},
   url={http://dx.doi.org/10.1088/0034-4885/76/7/076001},
   DOI={10.1088/0034-4885/76/7/076001},
   number={7},
   journal={Reports on Progress in Physics},
   publisher={IOP Publishing},
   author={Devitt, Simon J and Munro, William J and Nemoto, Kae},
   year={2013},
   month={Jun},
   pages={076001}
}

@article{ColesQuantumAIC20,
  title={Quantum Algorithm Implementations for Beginners},
  author={Patrick J. Coles and S. Eidenbenz and S. Pakin and A. Adedoyin and John Ambrosiano and P. M. Anisimov and W. Casper and Gopinath Chennupati and Carleton Coffrin and Hristo Djidjev and D. Gunter and S. Karra and Nathan Lemons and Shizeng Lin and A. Lokhov and A. Malyzhenkov and D. Mascarenas and S. Mniszewski and B. Nadiga and D. O'Malley and D. Oyen and L. Prasad and Randy Roberts and P. Romero and N. Santhi and N. Sinitsyn and P. Swart and Marc Vuffray and J. Wendelberger and B. Yoon and R. Zamora and W. Zhu},
  journal={ArXiv},
  year={2018},
  volume={abs/1804.03719}
}

@ARTICLE{HammInstruct,
       author = {{Ruan}, Yue and {Xue}, Xiling and {Liu}, Heng and {Tan}, Jianing and {Li}, Xi},
        title = "{Quantum Algorithm for K-Nearest Neighbors Classification Based on the Metric of Hamming Distance}",
      journal = {International Journal of Theoretical Physics},
     keywords = {Quantum algorithm, K-nearest neighbors algorithm, Hamming distance, Classification, Machine learning},
         year = 2017,
        month = nov,
       volume = {56},
       number = {11},
        pages = {3496-3507},
          doi = {10.1007/s10773-017-3514-4},
       adsurl = {https://ui.adsabs.harvard.edu/abs/2017IJTP...56.3496R},
      adsnote = {Provided by the SAO/NASA Astrophysics Data System}
}

 @misc{navehC21, 
    title={Classical Simulators for Quantum Computers},       url={https://medium.com/qiskit/classical-simulators-for-quantum-computers-4b994dad4fa2}, journal={Medium}, publisher={Qiskit}, author={Naveh, Yehuda}, 
    year={2019}, 
    month={Feb}}
    
    
@article{Abbott_2010,
   title={Understanding the Quantum Computational Speed-up via De-quantisation},
   volume={26},
   ISSN={2075-2180},
   url={http://dx.doi.org/10.4204/EPTCS.26.1},
   DOI={10.4204/eptcs.26.1},
   journal={Electronic Proceedings in Theoretical Computer Science},
   publisher={Open Publishing Association},
   author={Abbott, Alastair A. and Calude, Cristian S.},
   year={2010},
   month={Jun},
   pages={1–12}
}


@misc{britannicaQauntum, 
    title={{Quantum Computer}}, url={https://www.britannica.com/technology/quantum-computer}, journal={Encyclopedia Britannica}, 
    author={William Coffeen Holton}, 
    year={2021}, 
    month={June},
    note={Accessed: June 9, 2021}
}

@misc{HypeCurve, 
    title={5 Trends Emerge in the Gartner Hype Cycle for Emerging Technologies, 2018},       
    journal = {URL:https://www.gartner.com/smarterwithgartner/5-trends-emerge-in-gartner-hype-cycle-for-emerging-technologies-2018/}, 
    publisher={Smarter With Gartner}, 
    author={Kasey Panetta}, 
    year={2018}}

@misc{INGKOK,
    author = {D.J. Kok},
    institution = { Radboud University Nijmege},
    pages = {45},
    title = {Building a quantum kNN classifier with Qiskit: theoretical gains put to practice},
    year = {2021}
}

@misc{demasupport,
  title={Support Vector Machine for Multiclass Classification using Quantum Annealers},
  year = {2020},
  author={DEMA, BA and ARAI, Junya and HORIKAWA, Keitarou}
}


@inproceedings{aimeursubQkNNFid,
  title={Machine learning in a quantum world},
  author={A{\"\i}meur, Esma and Brassard, Gilles and Gambs, S{\'e}bastien},
  booktitle={Conference of the Canadian Society for Computational Studies of Intelligence},
  pages={431--442},
  year={2006},
  organization={Springer}
}

@misc{lloydsubQkNNFid,
      title={Quantum algorithms for supervised and unsupervised machine learning}, 
      author={Seth Lloyd and Masoud Mohseni and Patrick Rebentrost},
      year={2013},
      eprint={1307.0411},
      archivePrefix={arXiv},
      primaryClass={quant-ph}
}

@article{trugenbergersubQkNNHamm,
  title={Quantum pattern recognition},
  author={Trugenberger, Carlo A},
  journal={Quantum Information Processing},
  volume={1},
  number={6},
  pages={471--493},
  year={2002},
  publisher={Springer}
}

@article{Rebentrost_2014SubSVM,
   title={Quantum Support Vector Machine for Big Data Classification},
   volume={113},
   ISSN={1079-7114},
   url={http://dx.doi.org/10.1103/PhysRevLett.113.130503},
   DOI={10.1103/physrevlett.113.130503},
   number={13},
   journal={Physical Review Letters},
   publisher={American Physical Society (APS)},
   author={Rebentrost, Patrick and Mohseni, Masoud and Lloyd, Seth},
   year={2014},
   month={Sep}
}


%@misc{ Qiskit, author = {H{\'e}ctor Abraham and AduOffei and Rochisha Agarwal and Ismail Yunus Akhalwaya and Gadi Aleksandrowicz and Thomas Alexander and Matthew Amy and Eli Arbel and Arijit02 and Abraham Asfaw and Artur Avkhadiev and Carlos Azaustre and AzizNgoueya and Abhik Banerjee and Aman Bansal and Panagiotis Barkoutsos and Ashish Barnawal and George Barron and George S. Barron and Luciano Bello and Yael Ben-Haim and Daniel Bevenius and Arjun Bhobe and Lev S. Bishop and Carsten Blank and Sorin Bolos and Samuel Bosch and Brandon and Sergey Bravyi and Bryce-Fuller and David Bucher and Artemiy Burov and Fran Cabrera and Padraic Calpin and Lauren Capelluto and Jorge Carballo and Gin{\'e}s Carrascal and Adrian Chen and Chun-Fu Chen and Edward Chen and Jielun (Chris) Chen and Richard Chen and Jerry M. Chow and Spencer Churchill and Christian Claus and Christian Clauss and Romilly Cocking and Filipe Correa and Abigail J. Cross and Andrew W. Cross and Simon Cross and Juan Cruz-Benito and Chris Culver and Antonio D. C{\'o}rcoles-Gonzales and Sean Dague and Tareq El Dandachi and Marcus Daniels and Matthieu Dartiailh and DavideFrr and Abd{\'o}n Rodr{\'\i}guez Davila and Anton Dekusar and Delton Ding and Jun Doi and Eric Drechsler and Drew and Eugene Dumitrescu and Karel Dumon and Ivan Duran and Kareem EL-Safty and Eric Eastman and Grant Eberle and Pieter Eendebak and Daniel Egger and Mark Everitt and Paco Mart{\'\i}n Fern{\'a}ndez and Axel Hern{\'a}ndez Ferrera and Romain Fouilland and FranckChevallier and Albert Frisch and Andreas Fuhrer and Bryce Fuller and MELVIN GEORGE and Julien Gacon and Borja Godoy Gago and Claudio Gambella and Jay M. Gambetta and Adhisha Gammanpila and Luis Garcia and Tanya Garg and Shelly Garion and Austin Gilliam and Aditya Giridharan and Juan Gomez-Mosquera and Gonzalo and Salvador de la Puente Gonz{\'a}lez and Jesse Gorzinski and Ian Gould and Donny Greenberg and Dmitry Grinko and Wen Guan and John A. Gunnels and Mikael Haglund and Isabel Haide and Ikko Hamamura and Omar Costa Hamido and Frank Harkins and Vojtech Havlicek and Joe Hellmers and {\L}ukasz Herok and Stefan Hillmich and Hiroshi Horii and Connor Howington and Shaohan Hu and Wei Hu and Junye Huang and Rolf Huisman and Haruki Imai and Takashi Imamichi and Kazuaki Ishizaki and Raban Iten and Toshinari Itoko and JamesSeaward and Ali Javadi and Ali Javadi-Abhari and Wahaj Javed and Jessica and Madhav Jivrajani and Kiran Johns and Scott Johnstun and Jonathan-Shoemaker and Vismai K and Tal Kachmann and Akshay Kale and Naoki Kanazawa and Kang-Bae and Anton Karazeev and Paul Kassebaum and Josh Kelso and Spencer King and Knabberjoe and Yuri Kobayashi and Arseny Kovyrshin and Rajiv Krishnakumar and Vivek Krishnan and Kevin Krsulich and Prasad Kumkar and Gawel Kus and Ryan LaRose and Enrique Lacal and Rapha{\"e}l Lambert and John Lapeyre and Joe Latone and Scott Lawrence and Christina Lee and Gushu Li and Dennis Liu and Peng Liu and Yunho Maeng and Kahan Majmudar and Aleksei Malyshev and Joshua Manela and Jakub Marecek and Manoel Marques and Dmitri Maslov and Dolph Mathews and Atsushi Matsuo and Douglas T. McClure and Cameron McGarry and David McKay and Dan McPherson and Srujan Meesala and Thomas Metcalfe and Martin Mevissen and Andrew Meyer and Antonio Mezzacapo and Rohit Midha and Zlatko Minev and Abby Mitchell and Nikolaj Moll and Jhon Montanez and Gabriel Monteiro and Michael Duane Mooring and Renier Morales and Niall Moran and Mario Motta and MrF and Prakash Murali and Jan M{\"u}ggenburg and David Nadlinger and Ken Nakanishi and Giacomo Nannicini and Paul Nation and Edwin Navarro and Yehuda Naveh and Scott Wyman Neagle and Patrick Neuweiler and Johan Nicander and Pradeep Niroula and Hassi Norlen and NuoWenLei and Lee James O'Riordan and Oluwatobi Ogunbayo and Pauline Ollitrault and Raul Otaolea and Steven Oud and Dan Padilha and Hanhee Paik and Soham Pal and Yuchen Pang and Vincent R. Pascuzzi and Simone Perriello and Anna Phan and Francesco Piro and Marco Pistoia and Christophe Piveteau and Pierre Pocreau and Alejandro Pozas-Kerstjens and Milos Prokop and Viktor Prutyanov and Daniel Puzzuoli and Jes{\'u}s P{\'e}rez and Quintiii and Rafey Iqbal Rahman and Arun Raja and Nipun Ramagiri and Anirudh Rao and Rudy Raymond and Rafael Mart{\'\i}n-Cuevas Redondo and Max Reuter and Julia Rice and Matt Riedemann and Marcello La Rocca and Diego M. Rodr{\'\i}guez and RohithKarur and Max Rossmannek and Mingi Ryu and Tharrmashastha SAPV and SamFerracin and Martin Sandberg and Hirmay Sandesara and Ritvik Sapra and Hayk Sargsyan and Aniruddha Sarkar and Ninad Sathaye and Bruno Schmitt and Chris Schnabel and Zachary Schoenfeld and Travis L. Scholten and Eddie Schoute and Joachim Schwarm and Ismael Faro Sertage and Kanav Setia and Nathan Shammah and Yunong Shi and Adenilton Silva and Andrea Simonetto and Nick Singstock and Yukio Siraichi and Iskandar Sitdikov and Seyon Sivarajah and Magnus Berg Sletfjerding and John A. Smolin and Mathias Soeken and Igor Olegovich Sokolov and Igor Sokolov and SooluThomas and Starfish and Dominik Steenken and Matt Stypulkoski and Shaojun Sun and Kevin J. Sung and Hitomi Takahashi and Tanvesh Takawale and Ivano Tavernelli and Charles Taylor and Pete Taylour and Soolu Thomas and Mathieu Tillet and Maddy Tod and Miroslav Tomasik and Enrique de la Torre and Kenso Trabing and Matthew Treinish and TrishaPe and Davindra Tulsi and Wes Turner and Yotam Vaknin and Carmen Recio Valcarce and Francois Varchon and Almudena Carrera Vazquez and Victor Villar and Desiree Vogt-Lee and Christophe Vuillot and James Weaver and Johannes Weidenfeller and Rafal Wieczorek and Jonathan A. Wildstrom and Erick Winston and Jack J. Woehr and Stefan Woerner and Ryan Woo and Christopher J. Wood and Ryan Wood and Stephen Wood and Steve Wood and James Wootton and Daniyar Yeralin and David Yonge-Mallo and Richard Young and Jessie Yu and Christopher Zachow and Laura Zdanski and Helena Zhang and Christa Zoufal and Zoufalc and a-kapila and a-matsuo and bcamorrison and brandhsn and nick bronn and brosand and chlorophyll-zz and csseifms and dekel.meirom and dekelmeirom and dekool and dime10 and drholmie and dtrenev and ehchen and elfrocampeador and faisaldebouni and fanizzamarco and gabrieleagl and gadial and galeinston and georgios-ts and gruu and hhorii and hykavitha and jagunther and jliu45 and jscott2 and kanejess and klinvill and krutik2966 and kurarrr and lerongil and ma5x and merav-aharoni and michelle4654 and ordmoj and sagar pahwa and rmoyard and saswati-qiskit and scottkelso and sethmerkel and shaashwat and sternparky and strickroman and sumitpuri and tigerjack and toural and tsura-crisaldo and vvilpas and welien and willhbang and yang.luh and yotamvakninibm and Mantas {\v{C}}epulkovskis},title = {Qiskit: An Open-source Framework for Quantum Computing}, year = {2019},doi = {10.5281/zenodo.2562110}}
@misc{Qiskit-koch2019introduction,
      title={Introduction to Coding Quantum Algorithms: A Tutorial Series Using Qiskit}, 
      author={Daniel Koch and Laura Wessing and Paul M. Alsing},
      year={2019},
      eprint={1903.04359},
      archivePrefix={arXiv},
      primaryClass={quant-ph}
}
@misc{NISQ,
      title={Noisy intermediate-scale quantum (NISQ) algorithms}, 
      author={Kishor Bharti and Alba Cervera-Lierta and Thi Ha Kyaw and Tobias Haug and Sumner Alperin-Lea and Abhinav Anand and Matthias Degroote and Hermanni Heimonen and Jakob S. Kottmann and Tim Menke and Wai-Keong Mok and Sukin Sim and Leong-Chuan Kwek and Alán Aspuru-Guzik},
      year={2021},
      eprint={2101.08448},
      archivePrefix={arXiv},
      primaryClass={quant-ph}
}

}

